
@article{grim_diversity_2019,
	title = {Diversity, {Ability}, and {Expertise} in {Epistemic} {Communities}},
	volume = {86},
	issn = {0031-8248, 1539-767X},
	url = {https://www.journals.uchicago.edu/doi/10.1086/701070},
	doi = {10.1086/701070},
	language = {en},
	number = {1},
	urldate = {2021-09-07},
	journal = {Philosophy of Science},
	author = {Grim, Patrick and Singer, Daniel J. and Bramson, Aaron and Holman, Bennett and McGeehan, Sean and Berger, William J.},
	month = jan,
	year = {2019},
	pages = {98--123},
	file = {Grim et al. - 2019 - Diversity, Ability, and Expertise in Epistemic Com.pdf:C\:\\Users\\Lukas Wallrich\\Zotero\\storage\\W2QVMQPT\\Grim et al. - 2019 - Diversity, Ability, and Expertise in Epistemic Com.pdf:application/pdf},
}


@article{hong_groups_2004,
	title = {Groups of diverse problem solvers can outperform groups of high-ability problem solvers},
	volume = {101},
	issn = {0027-8424, 1091-6490},
	url = {http://www.pnas.org/cgi/doi/10.1073/pnas.0403723101},
	doi = {10.1073/pnas.0403723101},
	language = {en},
	number = {46},
	urldate = {2021-08-29},
	journal = {Proceedings of the National Academy of Sciences},
	author = {Hong, L. and Page, S. E.},
	month = nov,
	year = {2004},
	pages = {16385--16389},
	file = {Hong and Page - 2004 - Groups of diverse problem solvers can outperform g.pdf:C\:\\Users\\Lukas Wallrich\\Zotero\\storage\\AHL72QY8\\Hong and Page - 2004 - Groups of diverse problem solvers can outperform g.pdf:application/pdf},
}

@inproceedings{kazil2020utilizing,
  title={Utilizing python for agent-based modeling: the mesa framework},
  author={Kazil, Jackie and Masad, David and Crooks, Andrew},
  booktitle={International Conference on Social Computing, Behavioral-Cultural Modeling and Prediction and Behavior Representation in Modeling and Simulation},
  pages={308--317},
  year={2020},
  organization={Springer}
}

@article{singer2019diversity,
  title={Diversity, not randomness, trumps ability},
  author={Singer, Daniel J},
  journal={Philosophy of Science},
  volume={86},
  number={1},
  pages={178--191},
  year={2019},
  publisher={University of Chicago Press Chicago, IL}
}

@article{holman2018diversity,
  title={Diversity and democracy: Agent-based modeling in political philosophy},
  author={Holman, Bennett and Berger, William J and Singer, Daniel J and Grim, Patrick and Bramson, Aaron},
  journal={Historical Social Research/Historische Sozialforschung},
  volume={43},
  number={1 (163},
  pages={259--284},
  year={2018},
  publisher={JSTOR}
}